
    <zs:record>
      <zs:recordSchema/>
      <zs:recordPacking>xml</zs:recordPacking>
      <zs:recordData>
        <record xmlns="http://www.loc.gov/MARC21/slim">
          <leader>02407cam a2200349 i 4500</leader>
          <controlfield tag="001">21920890</controlfield>
          <controlfield tag="005">20211012094924.0</controlfield>
          <controlfield tag="008">210301r20211909nyu           000 0 eng  </controlfield>
          <datafield tag="906" ind1=" " ind2=" ">
            <subfield code="a">7</subfield>
            <subfield code="b">cbc</subfield>
            <subfield code="c">orignew</subfield>
            <subfield code="d">1</subfield>
            <subfield code="e">ecip</subfield>
            <subfield code="f">20</subfield>
            <subfield code="g">y-gencatlg</subfield>
          </datafield>
          <datafield tag="925" ind1="0" ind2=" ">
            <subfield code="a">acquire</subfield>
            <subfield code="b">1 shelf copy</subfield>
            <subfield code="x">policy default</subfield>
          </datafield>
          <datafield tag="955" ind1=" " ind2=" ">
            <subfield code="b">xk04 2021-03-01 (TW Situational)</subfield>
            <subfield code="i">xk04 2021-03-01 (TW Situational) to review</subfield>
            <subfield code="a">xk11 query to PTCP</subfield>
            <subfield code="r">xk11 2021-04-06 (TW Situational) (050 per js14)</subfield>
            <subfield code="a">xk04 2021-04-07 (TW Situational) to CIP</subfield>
            <subfield code="a">xn11 2021-08-10 1 copy rec'd., to CIP ver.</subfield>
            <subfield code="f">xk25 2021-10-12 to CMD</subfield>
          </datafield>
          <datafield tag="010" ind1=" " ind2=" ">
            <subfield code="a">  2021004443</subfield>
          </datafield>
          <datafield tag="020" ind1=" " ind2=" ">
            <subfield code="a">9780486848068</subfield>
            <subfield code="q">(hardcover)</subfield>
          </datafield>
          <datafield tag="020" ind1=" " ind2=" ">
            <subfield code="a">048684806X</subfield>
            <subfield code="q">(hardcover)</subfield>
          </datafield>
          <datafield tag="040" ind1=" " ind2=" ">
            <subfield code="a">DLC</subfield>
            <subfield code="b">eng</subfield>
            <subfield code="c">DLC</subfield>
            <subfield code="e">rda</subfield>
            <subfield code="d">DLC</subfield>
          </datafield>
          <datafield tag="041" ind1="1" ind2=" ">
            <subfield code="a">eng</subfield>
            <subfield code="h">enm</subfield>
          </datafield>
          <datafield tag="042" ind1=" " ind2=" ">
            <subfield code="a">pcc</subfield>
          </datafield>
          <datafield tag="050" ind1="0" ind2="0">
            <subfield code="a">PR2065.G3</subfield>
            <subfield code="b">A388 2021</subfield>
          </datafield>
          <datafield tag="082" ind1="0" ind2="0">
            <subfield code="a">821/.1</subfield>
            <subfield code="2">23</subfield>
          </datafield>
          <datafield tag="130" ind1="0" ind2=" ">
            <subfield code="a">Sir Gawain and the Green Knight.</subfield>
            <subfield code="l">English.</subfield>
          </datafield>
          <datafield tag="245" ind1="0" ind2="0">
            <subfield code="a">Sir Gawain and the Green Knight /</subfield>
            <subfield code="c">retold in modern prose by Jessie L. Weston.</subfield>
          </datafield>
          <datafield tag="250" ind1=" " ind2=" ">
            <subfield code="a">Dover Edition.</subfield>
          </datafield>
          <datafield tag="264" ind1=" " ind2="1">
            <subfield code="a">Garden City, New York :</subfield>
            <subfield code="b">Dover Publications,</subfield>
            <subfield code="c">2021.</subfield>
          </datafield>
          <datafield tag="300" ind1=" " ind2=" ">
            <subfield code="a">x, 102 pages :</subfield>
            <subfield code="b">illustrations ;</subfield>
            <subfield code="c">21 cm</subfield>
          </datafield>
          <datafield tag="336" ind1=" " ind2=" ">
            <subfield code="a">text</subfield>
            <subfield code="b">txt</subfield>
            <subfield code="2">rdacontent</subfield>
          </datafield>
          <datafield tag="337" ind1=" " ind2=" ">
            <subfield code="a">unmediated</subfield>
            <subfield code="b">n</subfield>
            <subfield code="2">rdamedia</subfield>
          </datafield>
          <datafield tag="338" ind1=" " ind2=" ">
            <subfield code="a">volume</subfield>
            <subfield code="b">nc</subfield>
            <subfield code="2">rdacarrier</subfield>
          </datafield>
          <datafield tag="500" ind1=" " ind2=" ">
            <subfield code="a">"This Dover edition, first published in 2021, is an unabridged republication of the work originally published as Sir Gawain and the Green Knight: A Middle-English Arthurian Romance Retold in Modern Prose, Charles Scribner's Sons, New York, in 1909"--Title page verso.</subfield>
          </datafield>
          <datafield tag="520" ind1=" " ind2=" ">
            <subfield code="a">"This prose rendering of a poem from the late fourteenth century (or earlier) recounts an adventure undertaken by King Arthur's famous nephew, Sir Gawain. Brave and chivalrous, faithful to his word and ever-mindful of his honor, as well as that of others, Gawain represents the model of knightly grace. When a gigantic stranger clad in green armor bursts in on the Round Table assembly to issue a challenge, the gallant Gawain volunteers to do battle for his king. This parable blends pagan elements and Christian ethics to celebrate the virtue of forgiveness, and it is frequently assigned to classes in literature and history because of its short length and its excellent representation of chivalric tradition"--</subfield>
            <subfield code="c">Provided by publisher.</subfield>
          </datafield>
          <datafield tag="600" ind1="0" ind2="0">
            <subfield code="a">Gawain</subfield>
            <subfield code="c">(Legendary character)</subfield>
            <subfield code="v">Romances.</subfield>
          </datafield>
          <datafield tag="650" ind1=" " ind2="0">
            <subfield code="a">Arthurian romances.</subfield>
          </datafield>
          <datafield tag="700" ind1="1" ind2=" ">
            <subfield code="a">Weston, Jessie L.</subfield>
            <subfield code="q">(Jessie Laidlay),</subfield>
            <subfield code="d">1850-1928,</subfield>
            <subfield code="e">translator.</subfield>
          </datafield>
        </record>
      </zs:recordData>
      <zs:recordPosition>11</zs:recordPosition>
    </zs:record>