
    <zs:record>
      <zs:recordSchema/>
      <zs:recordPacking>xml</zs:recordPacking>
      <zs:recordData>
        <record xmlns="http://www.loc.gov/MARC21/slim">
          <leader>01518cam a22003371  4500</leader>
          <controlfield tag="001">6816847</controlfield>
          <controlfield tag="005">20220811164644.0</controlfield>
          <controlfield tag="008">730712s1900    xx            000 0 eng  </controlfield>
          <datafield tag="906" ind1=" " ind2=" ">
            <subfield code="a">7</subfield>
            <subfield code="b">cbc</subfield>
            <subfield code="c">oclcrpl</subfield>
            <subfield code="d">u</subfield>
            <subfield code="e">ncip</subfield>
            <subfield code="f">19</subfield>
            <subfield code="g">y-gencatlg</subfield>
          </datafield>
          <datafield tag="010" ind1=" " ind2=" ">
            <subfield code="a">   10000294 </subfield>
          </datafield>
          <datafield tag="035" ind1=" " ind2=" ">
            <subfield code="9">(DLC)   10000294</subfield>
          </datafield>
          <datafield tag="035" ind1=" " ind2=" ">
            <subfield code="a">(OCoLC)654655</subfield>
          </datafield>
          <datafield tag="040" ind1=" " ind2=" ">
            <subfield code="a">DLC</subfield>
            <subfield code="c">OKentU</subfield>
            <subfield code="d">DLC</subfield>
          </datafield>
          <datafield tag="041" ind1="1" ind2=" ">
            <subfield code="a">engger</subfield>
          </datafield>
          <datafield tag="050" ind1="0" ind2="0">
            <subfield code="a">PT1525</subfield>
            <subfield code="b">.A48 1900</subfield>
          </datafield>
          <datafield tag="100" ind1="0" ind2=" ">
            <subfield code="a">Gottfried,</subfield>
            <subfield code="c">von Strassburg,</subfield>
            <subfield code="d">active 13th century.</subfield>
          </datafield>
          <datafield tag="245" ind1="1" ind2="4">
            <subfield code="a">The story of Tristan &amp; Iseult.</subfield>
            <subfield code="c">Rendered into English from the German of Gottfreid von Strassburg by Jessie L. Weston, with designs by Caroline Watts.</subfield>
          </datafield>
          <datafield tag="260" ind1=" " ind2=" ">
            <subfield code="a">New York,</subfield>
            <subfield code="b">The New Amsterdam book co.</subfield>
            <subfield code="c">[1900]</subfield>
          </datafield>
          <datafield tag="300" ind1=" " ind2=" ">
            <subfield code="a">2 v.</subfield>
            <subfield code="c">15 cm.</subfield>
          </datafield>
          <datafield tag="490" ind1="0" ind2=" ">
            <subfield code="a">Arthurian romances ...</subfield>
            <subfield code="v">no. 2</subfield>
          </datafield>
          <datafield tag="500" ind1=" " ind2=" ">
            <subfield code="a">Printed in Great Britain.</subfield>
          </datafield>
          <datafield tag="500" ind1=" " ind2=" ">
            <subfield code="a">Reissue of the London edition, 1899.</subfield>
          </datafield>
          <datafield tag="500" ind1=" " ind2=" ">
            <subfield code="a">"These little volumes do not contain the whole of Gottfried, but what they contain is entirely his work.  The concluding portion has been condensed from the version of Heinrich von Freiberg, the most successful of Gottfried's continuators."--Introd., p. XV.</subfield>
          </datafield>
          <datafield tag="600" ind1="0" ind2="0">
            <subfield code="a">Tristan</subfield>
            <subfield code="c">(Legendary character)</subfield>
            <subfield code="v">Romances.</subfield>
          </datafield>
          <datafield tag="600" ind1="0" ind2="0">
            <subfield code="a">Iseult</subfield>
            <subfield code="c">(Legendary character)</subfield>
            <subfield code="v">Romances.</subfield>
          </datafield>
          <datafield tag="700" ind1="0" ind2=" ">
            <subfield code="a">Thomas</subfield>
            <subfield code="c">(Anglo-Norman poet)</subfield>
          </datafield>
          <datafield tag="700" ind1="0" ind2=" ">
            <subfield code="a">Tristan.</subfield>
          </datafield>
          <datafield tag="700" ind1="1" ind2=" ">
            <subfield code="a">Weston, Jessie L.</subfield>
            <subfield code="q">(Jessie Laidlay),</subfield>
            <subfield code="d">1850-1928,</subfield>
            <subfield code="e">tr.</subfield>
          </datafield>
          <datafield tag="700" ind1="0" ind2=" ">
            <subfield code="a">Heinrich,</subfield>
            <subfield code="c">von Freiberg,</subfield>
            <subfield code="d">active 13th century.</subfield>
          </datafield>
          <datafield tag="985" ind1=" " ind2=" ">
            <subfield code="e">OCLC REPLACEMENT</subfield>
          </datafield>
          <datafield tag="991" ind1=" " ind2=" ">
            <subfield code="b">c-GenColl</subfield>
            <subfield code="h">PT1525</subfield>
            <subfield code="i">.A48 1900</subfield>
            <subfield code="t">Copy 1</subfield>
            <subfield code="w">OCLCREP</subfield>
          </datafield>
        </record>
      </zs:recordData>
      <zs:recordPosition>13</zs:recordPosition>
    </zs:record>