
    <zs:record>
      <zs:recordSchema/>
      <zs:recordPacking>xml</zs:recordPacking>
      <zs:recordData>
        <record xmlns="http://www.loc.gov/MARC21/slim">
          <leader>01554cam a22003491  4500</leader>
          <controlfield tag="001">7740318</controlfield>
          <controlfield tag="005">20160219164547.0</controlfield>
          <controlfield tag="008">750422s1906    xx            000 0 eng  </controlfield>
          <datafield tag="906" ind1=" " ind2=" ">
            <subfield code="a">7</subfield>
            <subfield code="b">cbc</subfield>
            <subfield code="c">oclcrpl</subfield>
            <subfield code="d">u</subfield>
            <subfield code="e">ncip</subfield>
            <subfield code="f">19</subfield>
            <subfield code="g">y-gencatlg</subfield>
          </datafield>
          <datafield tag="010" ind1=" " ind2=" ">
            <subfield code="a">   06032371 </subfield>
          </datafield>
          <datafield tag="035" ind1=" " ind2=" ">
            <subfield code="9">(DLC)   06032371</subfield>
          </datafield>
          <datafield tag="035" ind1=" " ind2=" ">
            <subfield code="a">(OCoLC)1291842</subfield>
          </datafield>
          <datafield tag="040" ind1=" " ind2=" ">
            <subfield code="a">DLC</subfield>
            <subfield code="c">MoWgW</subfield>
            <subfield code="d">OCoLC</subfield>
            <subfield code="d">DLC</subfield>
          </datafield>
          <datafield tag="050" ind1="0" ind2="0">
            <subfield code="a">PN686.P4</subfield>
            <subfield code="b">W4</subfield>
          </datafield>
          <datafield tag="100" ind1="1" ind2=" ">
            <subfield code="a">Weston, Jessie L.</subfield>
            <subfield code="q">(Jessie Laidlay),</subfield>
            <subfield code="d">1850-1928.</subfield>
          </datafield>
          <datafield tag="245" ind1="1" ind2="4">
            <subfield code="a">The legend of Sir Perceval;</subfield>
            <subfield code="b">studies upon its origin, development, and position in the Arthurian cycle,</subfield>
            <subfield code="c">by Jessie L. Weston..</subfield>
          </datafield>
          <datafield tag="260" ind1=" " ind2=" ">
            <subfield code="a">London,</subfield>
            <subfield code="b">D. Nutt,</subfield>
            <subfield code="c">1906-09.</subfield>
          </datafield>
          <datafield tag="300" ind1=" " ind2=" ">
            <subfield code="a">2 v.</subfield>
            <subfield code="b">tables</subfield>
            <subfield code="c">20 cm.</subfield>
          </datafield>
          <datafield tag="440" ind1=" " ind2="0">
            <subfield code="a">Half-title: Grimm library,</subfield>
            <subfield code="v">nos. 17, 19</subfield>
          </datafield>
          <datafield tag="500" ind1=" " ind2=" ">
            <subfield code="a">Vol. II includes (p. [9]-112) an edition of the "prose" or "Didot" Perceval (according to Miss Weston a prose version of a poem by Robert de Borron)</subfield>
          </datafield>
          <datafield tag="504" ind1=" " ind2=" ">
            <subfield code="a">Bibliography: Vol II, p. [345]-348.</subfield>
          </datafield>
          <datafield tag="505" ind1="0" ind2=" ">
            <subfield code="a">I. Chrétien de Troyes and Wauchier de Denain.--II. The prose Perceval according to the Modena ms.</subfield>
          </datafield>
          <datafield tag="600" ind1="0" ind2="0">
            <subfield code="a">Perceval</subfield>
            <subfield code="c">(Legendary character)</subfield>
            <subfield code="x">Romances</subfield>
            <subfield code="x">History and criticism.</subfield>
          </datafield>
          <datafield tag="650" ind1=" " ind2="0">
            <subfield code="a">Arthurian romances</subfield>
            <subfield code="x">History and criticism.</subfield>
          </datafield>
          <datafield tag="600" ind1="0" ind2="0">
            <subfield code="a">Chrétien,</subfield>
            <subfield code="c">de Troyes,</subfield>
            <subfield code="d">active 12th century.</subfield>
            <subfield code="t">Perceval le Gallois.</subfield>
          </datafield>
          <datafield tag="600" ind1="0" ind2="0">
            <subfield code="a">Wauchier de Denain,</subfield>
            <subfield code="d">12th century.</subfield>
          </datafield>
          <datafield tag="600" ind1="2" ind2="0">
            <subfield code="a">Robert de Boron,</subfield>
            <subfield code="d">active 13th century</subfield>
            <subfield code="x">Characters</subfield>
            <subfield code="x">Perceval.</subfield>
          </datafield>
          <datafield tag="650" ind1=" " ind2="0">
            <subfield code="a">Grail.</subfield>
          </datafield>
          <datafield tag="730" ind1="0" ind2="2">
            <subfield code="a">Perceval ("Didot" Perceval)</subfield>
          </datafield>
          <datafield tag="985" ind1=" " ind2=" ">
            <subfield code="e">OCLC REPLACEMENT</subfield>
          </datafield>
          <datafield tag="985" ind1=" " ind2=" ">
            <subfield code="g">fcd</subfield>
          </datafield>
          <datafield tag="991" ind1=" " ind2=" ">
            <subfield code="b">c-GenColl</subfield>
            <subfield code="h">PN686.P4</subfield>
            <subfield code="i">W4</subfield>
            <subfield code="t">Copy 1</subfield>
            <subfield code="w">OCLCREP</subfield>
          </datafield>
        </record>
      </zs:recordData>
      <zs:recordPosition>30</zs:recordPosition>
    </zs:record>