
    <zs:record>
      <zs:recordSchema/>
      <zs:recordPacking>xml</zs:recordPacking>
      <zs:recordData>
        <record xmlns="http://www.loc.gov/MARC21/slim">
          <leader>01185cam a2200277 a 4500</leader>
          <controlfield tag="001">13125749</controlfield>
          <controlfield tag="005">20141212160539.0</controlfield>
          <controlfield tag="008">030317r20031909nyu           000 0 eng  </controlfield>
          <datafield tag="906" ind1=" " ind2=" ">
            <subfield code="a">7</subfield>
            <subfield code="b">cbc</subfield>
            <subfield code="c">orignew</subfield>
            <subfield code="d">1</subfield>
            <subfield code="e">ocip</subfield>
            <subfield code="f">20</subfield>
            <subfield code="g">y-gencatlg</subfield>
          </datafield>
          <datafield tag="925" ind1="0" ind2=" ">
            <subfield code="a">acquire</subfield>
            <subfield code="b">1 shelf copy</subfield>
            <subfield code="x">policy default</subfield>
          </datafield>
          <datafield tag="955" ind1=" " ind2=" ">
            <subfield code="a">pc22 2003-03-17 to HLCD</subfield>
            <subfield code="c">lh08 2003-03-19 to subj.</subfield>
            <subfield code="d">lh06 2003-03-19</subfield>
            <subfield code="e">lh44 2003-03-20 to Dewey</subfield>
            <subfield code="a">aa03 2003-03-24</subfield>
            <subfield code="a">ps11 2003-10-02 1 copy rec'd., to CIP ver.</subfield>
            <subfield code="f">lk18 2003-10-08; to BCCD 10-08-03</subfield>
          </datafield>
          <datafield tag="010" ind1=" " ind2=" ">
            <subfield code="a">  2003046186</subfield>
          </datafield>
          <datafield tag="020" ind1=" " ind2=" ">
            <subfield code="a">0486431916</subfield>
          </datafield>
          <datafield tag="040" ind1=" " ind2=" ">
            <subfield code="a">DLC</subfield>
            <subfield code="c">DLC</subfield>
            <subfield code="d">DLC</subfield>
          </datafield>
          <datafield tag="041" ind1="1" ind2=" ">
            <subfield code="a">eng</subfield>
            <subfield code="h">enm</subfield>
          </datafield>
          <datafield tag="050" ind1="0" ind2="0">
            <subfield code="a">PR2065.G3</subfield>
            <subfield code="b">A388 2003</subfield>
          </datafield>
          <datafield tag="082" ind1="0" ind2="0">
            <subfield code="a">821/.1</subfield>
            <subfield code="2">21</subfield>
          </datafield>
          <datafield tag="100" ind1="1" ind2=" ">
            <subfield code="a">Weston, Jessie L.</subfield>
            <subfield code="q">(Jessie Laidlay),</subfield>
            <subfield code="d">1850-1928.</subfield>
          </datafield>
          <datafield tag="245" ind1="1" ind2="0">
            <subfield code="a">Sir Gawain and the Green Knight /</subfield>
            <subfield code="c">retold in modern prose by Jessie L. Weston.</subfield>
          </datafield>
          <datafield tag="260" ind1=" " ind2=" ">
            <subfield code="a">Mineola, N.Y. :</subfield>
            <subfield code="b">Dover Publications,</subfield>
            <subfield code="c">2003.</subfield>
          </datafield>
          <datafield tag="300" ind1=" " ind2=" ">
            <subfield code="a">ix, 53 p. ;</subfield>
            <subfield code="c">22 cm.</subfield>
          </datafield>
          <datafield tag="504" ind1=" " ind2=" ">
            <subfield code="a">Includes bibliographical references (p. 51-53).</subfield>
          </datafield>
          <datafield tag="600" ind1="0" ind2="0">
            <subfield code="a">Gawain</subfield>
            <subfield code="c">(Legendary character)</subfield>
            <subfield code="v">Romances.</subfield>
          </datafield>
          <datafield tag="650" ind1=" " ind2="0">
            <subfield code="a">Arthurian romances.</subfield>
          </datafield>
          <datafield tag="730" ind1="0" ind2="2">
            <subfield code="a">Sir Gawain and the Green Knight.</subfield>
          </datafield>
          <datafield tag="856" ind1="4" ind2="2">
            <subfield code="3">Publisher description</subfield>
            <subfield code="u">http://www.loc.gov/catdir/enhancements/fy0614/2003046186-d.html</subfield>
          </datafield>
        </record>
      </zs:recordData>
      <zs:recordPosition>45</zs:recordPosition>
    </zs:record>