
    <zs:record>
      <zs:recordSchema/>
      <zs:recordPacking>xml</zs:recordPacking>
      <zs:recordData>
        <record xmlns="http://www.loc.gov/MARC21/slim">
          <leader>00778cam a2200241u  4500</leader>
          <controlfield tag="001">10089305</controlfield>
          <controlfield tag="005">20141212160336.0</controlfield>
          <controlfield tag="008">860205s1907    enk     a     000 0 eng  </controlfield>
          <datafield tag="906" ind1=" " ind2=" ">
            <subfield code="a">0</subfield>
            <subfield code="b">cbc</subfield>
            <subfield code="c">premunv</subfield>
            <subfield code="d">u</subfield>
            <subfield code="e">ncip</subfield>
            <subfield code="f">19</subfield>
            <subfield code="g">y-gencatlg</subfield>
          </datafield>
          <datafield tag="010" ind1=" " ind2=" ">
            <subfield code="a">   08013712 </subfield>
          </datafield>
          <datafield tag="035" ind1=" " ind2=" ">
            <subfield code="9">(DLC)   08013712</subfield>
          </datafield>
          <datafield tag="040" ind1=" " ind2=" ">
            <subfield code="a">DLC</subfield>
            <subfield code="c">CarP</subfield>
            <subfield code="d">DLC</subfield>
          </datafield>
          <datafield tag="050" ind1="1" ind2="0">
            <subfield code="a">PN685</subfield>
            <subfield code="b">.A7 no. 7</subfield>
          </datafield>
          <datafield tag="050" ind1="0" ind2="0">
            <subfield code="a">Microfilm 21811 PN</subfield>
          </datafield>
          <datafield tag="100" ind1="1" ind2=" ">
            <subfield code="a">Weston, Jessie L.</subfield>
            <subfield code="q">(Jessie Laidlay),</subfield>
            <subfield code="d">1850-1928.</subfield>
          </datafield>
          <datafield tag="245" ind1="1" ind2="0">
            <subfield code="a">Sir Gawain and the Lady of Lys;</subfield>
          </datafield>
          <datafield tag="260" ind1=" " ind2=" ">
            <subfield code="a">[London]</subfield>
            <subfield code="b">D. Nutt,</subfield>
            <subfield code="c">1907.</subfield>
          </datafield>
          <datafield tag="300" ind1=" " ind2=" ">
            <subfield code="a">xvi, 103 p.</subfield>
            <subfield code="b">incl. front.</subfield>
            <subfield code="c">15 cm.</subfield>
          </datafield>
          <datafield tag="583" ind1=" " ind2=" ">
            <subfield code="a">Replace;</subfield>
            <subfield code="z">LC copy replaced by preservation microfilm</subfield>
            <subfield code="5">DLC</subfield>
          </datafield>
          <datafield tag="600" ind1="0" ind2="0">
            <subfield code="a">Gawain</subfield>
            <subfield code="c">(Legendary character)</subfield>
          </datafield>
          <datafield tag="985" ind1=" " ind2=" ">
            <subfield code="g">pmosl</subfield>
          </datafield>
          <datafield tag="985" ind1=" " ind2=" ">
            <subfield code="e">mvp</subfield>
            <subfield code="f">zz01</subfield>
          </datafield>
          <datafield tag="991" ind1=" " ind2=" ">
            <subfield code="b">c-MicRR</subfield>
            <subfield code="h">Microfilm 21811 PN</subfield>
            <subfield code="t">Copy 1</subfield>
            <subfield code="w">PREM</subfield>
          </datafield>
        </record>
      </zs:recordData>
      <zs:recordPosition>46</zs:recordPosition>
    </zs:record>